@article{bernard2011pricing,
  title={Pricing timer options},
  author={Bernard, Carole and Cui, Zhenyu},
  journal={Journal of Computational Finance},
  volume={15},
  number={1},
  year={2011}
}

@article{grzelak2012extension,
  title={Extension of stochastic volatility equity models with the Hull--White interest rate process},
  author={Grzelak, Lech A and Oosterlee, Cornelis W and Van Weeren, Sacha},
  journal={Quantitative Finance},
  volume={12},
  number={1},
  pages={89--105},
  year={2012},
  publisher={Taylor \& Francis}
}


@article{zeng2015fast,
  title={Fast Hilbert transform algorithms for pricing discrete timer options under stochastic volatility models},
  author={Zeng, Pingping and Kwok, Yue Kuen and Zheng, Wendong},
  journal={International Journal of Theoretical and Applied Finance},
  volume={18},
  number={07},
  pages={1550046},
  year={2015},
  publisher={World Scientific}
}


%%% ReedSimon2.pdf
@book{reedsimon,
  title={Methods of Modern Mathematical Physics: Vol.: 2.: Fourier Analysis, Self-Adjointness},
  author={Reed, Michael and Simon, Barry},
  year={1975},
  publisher={Academic Press}
}

@article{haji2015multi,
  title={Multi-index Monte Carlo: when sparsity meets sampling},
  author={Haji-Ali, Abdul-Lateef and Nobile, Fabio and Tempone, Ra{\'u}l},
  journal={Numerische Mathematik},
  pages={1--40},
  year={2015},
  publisher={Springer}
}

@article{bjork2013monte,
  title={Monte Carlo Euler approximations of HJM term structure financial models},
  author={Bj{\"o}rk, Tomas and Szepessy, Anders and Tempone, Raul and Zouraris, Georgios E},
  journal={BIT Numerical Mathematics},
  volume={53},
  number={2},
  pages={341--383},
  year={2013},
  publisher={Springer}
}


%%% Feng_et_al-2008-Mathematical_Finance.pdf
@article {fenglinetsky,
author = {Feng, Liming and Linetsky, Vadim},
title = {Pricing Discretely Monitored Barrier Options and Defaultable Bonds in Levy Process Models: A Fast Hilbert Transform Approach},
journal = {Mathematical Finance},
volume = {18},
number = {3},
publisher = {Blackwell Publishing Inc},
issn = {1467-9965},
url = {http://dx.doi.org/10.1111/j.1467-9965.2008.00338.x},
doi = {10.1111/j.1467-9965.2008.00338.x},
pages = {337--384},
keywords = {Lévy processes, Esscher transform, discrete barrier options, first passage time problems, credit risk, defaultable bonds, Fourier transform, Hilbert transform, Whittaker cardinal series, Sinc expansion},
year = {2008},
}

%%% innocentis-levendorskii.pdf
@article{de2014pricing,
  title={Pricing discrete barrier options and credit default swaps under L{\'e}vy processes},
  author={De Innocentis, Marco and Levendorskii, Sergei},
  journal={Quantitative Finance},
  volume={14},
  number={8},
  pages={1337--1365},
  year={2014},
  publisher={Taylor \& Francis}
}

@article {Schwab_summary,
    AUTHOR = {Hilber, N. and Reich, N. and Schwab, C. and Winter, C.},
     TITLE = {Numerical methods for {L}\'evy processes},
   JOURNAL = {Finance Stoch.},
  FJOURNAL = {Finance and Stochastics},
    VOLUME = {13},
      YEAR = {2009},
    NUMBER = {4},
     PAGES = {471--500},
      ISSN = {0949-2984},
   MRCLASS = {60J75 (65C05 91Gxx)},
  MRNUMBER = {MR2519841 (2010i:60235)},
       DOI = {10.1007/s00780-009-0100-5},
       URL = {http://dx.doi.org/10.1007/s00780-009-0100-5},
}
 
 %%% andersen_andreasen.pdf
 @article{andersen2000jump,
  title={Jump-diffusion processes: Volatility smile fitting and numerical methods for option pricing},
  author={Andersen, Leif and Andreasen, Jesper},
  journal={Review of Derivatives Research},
  volume={4},
  number={3},
  pages={231--262},
  year={2000},
  publisher={Springer}
}
 
 
 %%% MadanSeneta1990.pdf
 @article{madan1990variance,
  title={The variance gamma (VG) model for share market returns},
  author={Madan, Dilip B and Seneta, Eugene},
  journal={Journal of business},
  pages={511--524},
  year={1990},
  publisher={JSTOR}
}
 
 %%%prausethesis.pdf
 @phdthesis{prause1999generalized,
  title={The generalized hyperbolic model: Estimation, financial derivatives, and risk measures},
  author={Prause, Karsten},
  year={1999},
  school={PhD thesis, University of Freiburg}
}
 
 %%%raiblethesis.pdf
 @phdthesis{raible2000levy,
  title={L{\'e}vy processes in finance: Theory, numerics, and empirical facts},
  author={Raible, Sebastian},
  year={2000},
  school={PhD thesis, Universit{\"a}t Freiburg i. Br}
}
 
 %%%eberleinhyperbolic.pdf
 @incollection{eberlein2001application,
  title={Application of generalized hyperbolic L{\'e}vy motions to finance},
  author={Eberlein, Ernst},
  booktitle={L{\'e}vy processes},
  pages={319--336},
  year={2001},
  publisher={Springer}
}
 
 %%% HurdZhouSpreadoptionsSIAM.pdf
 @article{hurd2010fourier,
  title={A Fourier transform method for spread option pricing},
  author={Hurd, Thomas R and Zhou, Zhuowei},
  journal={SIAM Journal on Financial Mathematics},
  volume={1},
  number={1},
  pages={142--157},
  year={2010},
  publisher={SIAM}
}
 
 %%% Stenger book.pdf

@article{stenger2012numerical,
  title={Numerical methods based on Sinc and analytic functions},
  author={Stenger, Frank},
  year={1993},
  publisher={Springer}
}

 
 %%%barriertouchandout.pdf
 @article{boyarchenko2002barrier,
  title={Barrier options and touch-and-out options under regular L{\'e}vy processes of exponential type},
  author={Boyarchenko, Svetlana and Levendorskiǐ, Sergei},
  journal={Annals of Applied Probability},
  pages={1261--1298},
  year={2002},
  publisher={JSTOR}
}
 
%%%boyarchenko-levendorskii.pdf 
 
@article{boyarchenko2011new,
  title={New efficient versions of Fourier transform method in applications to option pricing},
  author={Boyarchenko, Svetlana and Levendorskii, Sergei},
  journal={Available at SSRN 1846633},
  year={2011}
} 
 
 
 %%almendral_osterlee.pdf
 @article{almendral2005numerical,
  title={Numerical valuation of options with jumps in the underlying},
  author={Almendral, Ariel and Oosterlee, Cornelis W},
  journal={Applied Numerical Mathematics},
  volume={53},
  number={1},
  pages={1--18},
  year={2005},
  publisher={Elsevier}
}
 
 %lord.pdf
 @article{lordfourier,
  title={Fourier Methods in Options Pricing},
  author={Lord, Roger},
  journal={Encyclopedia of Quantitative Finance},
  publisher={Wiley Online Library}
}
 
 %% cp_geman.pdf
 @article{cgmy_fine,
     jstor_articletype = {research-article},
     title = {The Fine Structure of Asset Returns: An Empirical Investigation},
     author = {Peter Carr and H\'elyette Geman and Dilip B. Madan and Marc Yor},
     journal = {The Journal of Business},
     jstor_issuetitle = {},
     volume = {75},
     number = {2},
     jstor_formatteddate = {April 2002},
     pages = {pp. 305-333},
     url = {http://www.jstor.org/stable/10.1086/338705},
     ISSN = {00219398},
     year = {2002},
     publisher = {The University of Chicago Press}
}


%%%%aitsahalia.pdf
@article{Aı̈tSahalia2004487,
title = "Disentangling diffusion from jumps ",
journal = "Journal of Financial Economics ",
volume = "74",
number = "3",
pages = "487 - 528",
year = "2004",
note = "",
issn = "0304-405X",
doi = "http://dx.doi.org/10.1016/j.jfineco.2003.09.005",
url = "http://www.sciencedirect.com/science/article/pii/S0304405X04000777",
author = "Yacine Aı̈t-Sahalia",
keywords = "Poisson jumps",
keywords = "Cauchy jumps",
keywords = "Lévy process",
keywords = "Diffusion",
keywords = "Maximum likelihood "
}

%%% nualart_schoutens.pdf
@article{nualart2001backward,
  title={Backward stochastic differential equations and Feynman-Kac formula for L{\'e}vy processes, with applications in finance},
  author={Nualart, David and Schoutens, Wim and others},
  journal={Bernoulli},
  volume={7},
  number={5},
  pages={761--776},
  year={2001},
  publisher={Bernoulli Society for Mathematical Statistics and Probability}
}

%%%
@article{cooley1965algorithm,
  title={An algorithm for the machine calculation of complex Fourier series},
  author={Cooley, James W and Tukey, John W},
  journal={Math. comput},
  volume={19},
  number={90},
  pages={297--301},
  year={1965}
}
  
  
@article{MZA:8201514,
author = {Matache,Ana-Maria and von Petersdorff,Tobias and Schwab,Christoph},
title = {Fast deterministic pricing of options on Lévy driven assets},
journal = {ESAIM: Mathematical Modelling and Numerical Analysis},
volume = {38},
issue = {01},
month = {1},
year = {2004},
issn = {1290-3841},
pages = {37--71},
numpages = {35},
doi = {10.1051/m2an:2004003},
URL = {http://www.esaim-m2an.org/article_S0764583X04000032},
}  

%%% lordfang.pdf

@article{lord2008fast,
  title={A fast and accurate FFT-based method for pricing early-exercise options under L{\'e}vy processes},
  author={Lord, Roger and Fang, Fang and Bervoets, Frank and Oosterlee, Cornelis W},
  journal={SIAM Journal on Scientific Computing},
  volume={30},
  number={4},
  pages={1678--1705},
  year={2008},
  publisher={SIAM}
}


%%%briani_chioma_natalini.pdf
@article{briani_chioma_natalini,
year={2004},
issn={0029-599X},
journal={Numerische Mathematik},
volume={98},
number={4},
doi={10.1007/s00211-004-0530-0},
title={Convergence of numerical schemes for viscosity solutions to integro-differential degenerate parabolic problems arising in financial theory},
url={http://dx.doi.org/10.1007/s00211-004-0530-0},
publisher={Springer-Verlag},
author={Briani, Maya and Chioma, Claudia La and Natalini, Roberto},
pages={607-646},
language={English}
}

%%%Jacksonetal.pdf
@article{jackson2008fourier,
  title={Fourier space time-stepping for option pricing with l{\'e}vy models},
  author={Jackson, Kenneth R and Jaimungal, Sebastian and Surkov, Vladimir},
  journal={Journal of Computational Finance},
  volume={12},
  number={2},
  pages={1},
  year={2008}
}


%%%halluinforsythlabahn.pdf
@article{d2004penalty,
  title={A penalty method for American options with jump diffusion processes},
  author={d’Halluin, Yann and Forsyth, Peter A and Labahn, George},
  journal={Numerische Mathematik},
  volume={97},
  number={2},
  pages={321--352},
  year={2004},
  publisher={Springer}
}


%%%dotsisetal.pdf

@article{Dotsis20073584,
title = "An empirical comparison of continuous-time models of implied volatility indices ",
journal = "Journal of Banking \& Finance ",
volume = "31",
number = "12",
pages = "3584 - 3603",
year = "2007",
note = "",
issn = "0378-4266",
doi = "http://dx.doi.org/10.1016/j.jbankfin.2007.01.011",
url = "http://www.sciencedirect.com/science/article/pii/S037842660700091X",
author = "George Dotsis and Dimitris Psychoyios and George Skiadopoulos",
keywords = "Continuous-time estimation",
keywords = "Conditional characteristic function",
keywords = "Implied volatility indices",
keywords = "Volatility derivatives",
keywords = "\{VIX\} futures ",
abstract = "We explore the ability of alternative popular continuous-time diffusion and jump-diffusion processes to capture the dynamics of implied volatility indices over time. The performance of the various models is assessed under both econometric and financial metrics. To this end, data are employed from major European and American implied volatility indices and the rapidly growing \{CBOE\} volatility futures market. We find that the addition of jumps is necessary to capture the evolution of implied volatility indices under both metrics. Mean reversion is of second-order importance though. The results are consistent across the various metrics, markets, and construction methodologies. "
}

%%%kotsisgreekmarket.pdf

@article{dotsis2006modeling,
  title={Modeling Greek equity prices using jump diffusion processes},
  author={Dotsis, George and Psychoyios, Dimitris and Markellos, Raphael N},
  journal={Operational Research},
  volume={6},
  number={2},
  pages={129--143},
  year={2006},
  publisher={Springer}
}



%%% cgmylocal.pdf
@article{carr2004local,
  title={From local volatility to local L{\'e}vy models},
  author={Carr, Peter and Geman, H{\'e}lyette and Madan 5, Dilip B and Yor, Marc},
  journal={Quantitative Finance},
  volume={4},
  number={5},
  pages={581--588},
  year={2004},
  publisher={Taylor \& Francis}
}

%%% Schmelzle2010 Fourier Pricing.pdf
@article{schmelzle2010option,
  title={Option pricing formulae using Fourier transform: Theory and application},
  author={Schmelzle, Martin},
  journal={Unpublished Manuscript},
  year={2010}
}

%%% matacheetal.pdf
@article{matache2005fast,
  title={Fast numerical solution of parabolic integrodifferential equations with applications in finance},
  author={Matache, Ana-Maria and Schwab, Christoph and Wihler, Thomas P},
  journal={SIAM Journal on Scientific Computing},
  volume={27},
  number={2},
  pages={369--393},
  year={2005},
  publisher={SIAM}
}

@article{Almendral20051,
title = "Numerical valuation of options with jumps in the underlying ",
journal = "Applied Numerical Mathematics ",
volume = "53",
number = "1",
pages = "1 - 18",
year = "2005",
note = "",
issn = "0168-9274",
doi = "http://dx.doi.org/10.1016/j.apnum.2004.08.037",
url = "http://www.sciencedirect.com/science/article/pii/S0168927404001539",
author = "Ariel Almendral and Cornelis W. Oosterlee",
keywords = "Option pricing",
keywords = "Jump-diffusion processes",
keywords = "Finite differences",
keywords = "Finite elements",
keywords = "Fast Fourier transform",
keywords = "Integro-differential equations ",
abstract = "A jump-diffusion model for a single-asset market is considered. Under this assumption the value of a European contingency claim satisfies a general partial integro-differential equation (PIDE). The equation is localized and discretized in space using finite differences and finite elements and in time by the second order backward differentiation formula (BDF2). The resulting system is solved by an iterative method based on a simple splitting of the matrix. Using the fast Fourier transform, the amount of work per iteration may be reduced to O ( n log 2 n ) and only O ( n ) entries need to be stored for each time level. Numerical results showing the quadratic convergence of the methods are given for Merton's model and Kou's model. "
}



  
%%%mataue_petersdorff_schwab.pdf  
  @article {Schwab_fast,
    AUTHOR = {Matache, Ana-Maria and von Petersdorff, Tobias and Schwab,
              Christoph},
     TITLE = {Fast deterministic pricing of options on {L}\'evy driven
              assets},
   JOURNAL = {M2AN Math. Model. Numer. Anal.},
  FJOURNAL = {M2AN. Mathematical Modelling and Numerical Analysis},
    VOLUME = {38},
      YEAR = {2004},
    NUMBER = {1},
     PAGES = {37--71},
      ISSN = {0764-583X},
   MRCLASS = {60H30 (60G51 60H15 60J75 65M60 65T60)},
  MRNUMBER = {MR2073930 (2005h:60200)},
MRREVIEWER = {Wim Schoutens},
       DOI = {10.1051/m2an:2004003},
       URL = {http://dx.doi.org/10.1051/m2an:2004003},
}


%%% CarrMadan_OptionValuationUsingtheFastFourierTransform_1999
@article{carr1999option,
  title={Option valuation using the fast Fourier transform},
  author={Carr, Peter and Madan, Dilip},
  journal={Journal of computational finance},
  volume={2},
  number={4},
  pages={61--73},
  year={1999}
}


%%% Paper_II.pdf
@article{kiessling2011diffusion,
  title={Diffusion approximation of L{\'e}vy processes with a view towards finance},
  author={Kiessling, Jonas and Tempone, Ra{\'u}l},
  journal={Monte Carlo Methods and Applications},
  volume={17},
  number={1},
  pages={11--45},
  year={2011}
}

@article{merton1971theory,
  title={Theory of rational option pricing},
  author={Merton, Robert C},
  year={1971},
  publisher={JSTOR}
}

%%% 7389947.pdf
@article{kou2002jump,
  title={A jump-diffusion model for option pricing},
  author={Kou, Steven G},
  journal={Management science},
  volume={48},
  number={8},
  pages={1086--1101},
  year={2002},
  publisher={INFORMS}
}

%%% rydberg_NIG.pdf
@article{rydberg1997normal,
  title={The normal inverse Gaussian L{\'e}vy process: simulation and approximation},
  author={Rydberg, Tina Hviid},
  journal={Communications in statistics. Stochastic models},
  volume={13},
  number={4},
  pages={887--910},
  year={1997},
  publisher={Taylor \& Francis}
}

%%% Madan Carr Chang 1998 - Variance Gamma process and option pricing.pdf
@article{madan1998variance,
  title={The variance gamma process and option pricing},
  author={Madan, Dilip B and Carr, Peter P and Chang, Eric C},
  journal={European finance review},
  volume={2},
  number={1},
  pages={79--105},
  year={1998},
  publisher={Kluwer Academic Publishers}
}


%%% cgmy.pdf
@article{carr2003stochastic,
  title={Stochastic volatility for L{\'e}vy processes},
  author={Carr, Peter and Geman, H{\'e}lyette and Madan, Dilip B and Yor, Marc},
  journal={Mathematical Finance},
  volume={13},
  number={3},
  pages={345--382},
  year={2003},
  publisher={Wiley Online Library}
}


%%% dupire
@book{dupire1997pricing,
  title={Pricing and hedging with smiles},
  author={Dupire, Bruno},
  year={1997},
  publisher={Mathematics of derivative securities. Dempster and Pliska eds., Cambridge Uni. Press}
}

%%% barndorff_NIG.pdf
@article{barndorff1997normal,
  title={Normal inverse Gaussian distributions and stochastic volatility modelling},
  author={Barndorff-Nielsen, Ole E},
  journal={Scandinavian Journal of statistics},
  volume={24},
  number={1},
  pages={1--13},
  year={1997},
  publisher={Wiley Online Library}
}

@article{black1973pricing,
  title={The pricing of options and corporate liabilities},
  author={Black, Fischer and Scholes, Myron},
  journal={The journal of political economy},
  pages={637--654},
  year={1973},
  publisher={JSTOR}
}

%%% merton.pdf
@article{Merton1976125,
title = "Option pricing when underlying stock returns are discontinuous ",
journal = "Journal of Financial Economics ",
volume = "3",
number = "12",
pages = "125 - 144",
year = "1976",
note = "",
issn = "0304-405X",
doi = "http://dx.doi.org/10.1016/0304-405X(76)90022-2",
url = "http://www.sciencedirect.com/science/article/pii/0304405X76900222",
author = "Robert C. Merton"
}

%% mattner-complex differentiation under the integral.pdf
@article{mattner2001complex,
  title={Complex differentiation under the integral},
  author={Mattner, Lutz},
  journal={NIEUW ARCHIEF VOOR WISKUNDE},
  volume={2},
  pages={32--35},
  year={2001},
  publisher={STICHTING MATHEMATISCH CENTRUM}
}

%%% TODO: get electronic copy to repository
@article{applebaum2004levy,
  title={L{\'e}vy processes and stochastic calculus, volume 93 of Cambridge Studies in Advanced Mathematics},
  author={Applebaum, David},
  journal={Cambridge, UK},
  year={2004}
}

%%% Intro_to_MJD_Matsuda.pdf
@article{matsuda2004,
  title={Introduction to merton jump diffusion model},
  author={Matsuda, Kazuhisa},
  year={2004}
}

@book{tankov2004financial,
  title={Financial modelling with jump processes},
  author={Tankov, Peter},
  year={2004},
  publisher={CRC Press}
}

%%% dft.pdf
@article{lee2004option,
  title={Option pricing by transform methods: extensions, unification and error control},
  author={Lee, Roger W},
  journal={Journal of Computational Finance},
  volume={7},
  number={3},
  pages={51--86},
  year={2004},
  publisher={RISK PUBLICATIONS}
}

%%% trefethen_weideman.pdf
@article{trefethen2013exponentially,
  title={The exponentially convergent trapezoidal rule},
  author={Trefethen, Lloyd N and Weideman, JAC},
  year={2013},
  publisher={SIAM}
}

@book {conttankov,
    AUTHOR = {Cont, Rama and Tankov, Peter},
     TITLE = {Financial modelling with jump processes},
    SERIES = {Chapman \& Hall/CRC Financial Mathematics Series},
 PUBLISHER = {Chapman \& Hall/CRC, Boca Raton, FL},
      YEAR = {2004},
     PAGES = {xvi+535},
      ISBN = {1-5848-8413-4},
   MRCLASS = {91-02 (60J75 91B28 91B84)},
  MRNUMBER = {2042661 (2004m:91004)},
}


%%%  Toivanen-2007-PAMM.pdf
@article{toivanen2007numerical,
  title={Numerical valuation of options under Kou's model},
  author={Toivanen, Jari},
  journal={PAMM},
  volume={7},
  number={1},
  pages={1024001--1024002},
  year={2007},
  publisher={Wiley Online Library}
}

%%%% IMA J Numer Anal-2005-d'Halluin-87-112.pdf
@article{d2005robust,
  title={Robust numerical methods for contingent claims under jump diffusion processes},
  author={d'Halluin, Yann and Forsyth, Peter A and Vetzal, Kenneth R},
  journal={IMA Journal of Numerical Analysis},
  volume={25},
  number={1},
  pages={87--112},
  year={2005},
  publisher={Oxford University Press}
}


%%%% suh_zapatero.pdf

@article{suh2008class,
  title={A class of quadratic options for exchange rate stabilization},
  author={Suh, Sangwon and Zapatero, Fernando},
  journal={Journal of Economic Dynamics and Control},
  volume={32},
  number={11},
  pages={3478--3501},
  year={2008},
  publisher={Elsevier}
}


%%%% KouWangMS.pdf
@article{kou2004option,
  title={Option pricing under a double exponential jump diffusion model},
  author={Kou, Steven G and Wang, Hui},
  journal={Management science},
  volume={50},
  number={9},
  pages={1178--1192},
  year={2004},
  publisher={INFORMS}
}